@article{Vernier2021,
  author     = {Vernier, E and Comba, J and Telea, A},
  journal    = {Computer Graphics Forum},
  number     = {3},
  title      = {Guided Stable Dynamic Projections},
  year       = {2021}
}