# Bibliography from Eurovis treemaps paper

@misc{URLTreemaps,
  author       = {{The Authors}},
  title        = {{Treemap resources}},
  year         = {2020}, 
  howpublished = {\url{https://eduardovernier.github.io/dynamic-treemap-resources-eurovis}}
}

@misc{URLMeertens,
  author       = {URL},
  title        = {{Meertens Instituut, KNAW} Nederlandse voornamenbank},
  howpublished = {\url{https://www.meertens.knaw.nl/nvb}},
  year         = {accessed 30-05-2016}
}

@misc{URLscitools,
  author       = {URL},
  title        = {{Scitools}},
  howpublished = {\url{https://scitools.com}},
  year         = {accessed 15-02-2017}
}

@misc{URLComtrade,
  author       = {URL},
  title        = {{UN Comtrade Database}},
  howpublished = {\url{https://comtrade.un.org}},
  year         = {accessed 15-02-2017}
}

@misc{URLmdb,
  author       = {URL},
  title        = {{The Movie Database}},
  howpublished = {\url{www.themoviedb.org}},
  year         = {accessed 10-02-2018}
}

@article{li19,
  title   = {{BarcodeTree}: Scalable Comparison of Multiple Hierarchies},
  journal = {IEEE Transactions on Visualization and Computer Graphics},
  author  = {Guozheng Li and Yu Zhang and Yu Dong and Jie Liang and Jinson Zhang and Jinsong Wang and Michael J. McGuffin and Xiaoru Yuan},
  year    = 2019,
  volume  = 26,
  number  = 1,
  pages   = {1022-1032}
}

@inproceedings{bremm11,
  title     = {Interactive visual comparison of multiple trees},
  author    = {Sebastian Bremm and Tatiana von Landesberger and Martin Hess and Tobias Schreck and Philipp Weil and Kay Hamacherk},
  booktitle = {Proc. Symposium on Visual Analytics Science and Technology},
  year      = 2011
}

@article{schulz11,
  journal = {IEEE Computer Graphics and Applications},
  year    = 2011,
  volume  = 31,
  number  = 6,
  pages   = {11-15},
  title   = {{Treevis.net}: A tree visualization reference},
  author  = {H. J. Schulz}
}

@article{graham10,
  title   = {A Survey of Multiple Tree Visualisation},
  author  = {Martin Graham and Jessie Kennedy},
  journal = {Information Visualization},
  volume  = 9,
  number  = 4,
  pages   = {235-252},
  year    = 2010
}

@article{mcguffin10,
  title   = {Quantifying the space-efficiency of 2D graphical representations of trees},
  author  = {M. McGuffin and J. M. Robert},
  journal = {Information Visualization},
  volume  = 9,
  number  = 2,
  pages   = {189-199},
  year    = 2010
}

@misc{URLatp,
  author       = {URL},
  title        = {{ATP Tennis Rankings}},
  howpublished = {\url{https://github.com/JeffSackmann/tennis_atp}},
  year         = {accessed 03-07-2018}
}

@misc{URLearth,
  author       = {URL},
  title        = {{USGS Earthquakes}},
  howpublished = {\url{https://earthquake.usgs.gov/earthquakes/browse/stats.php}},
  year         = {accessed 03-07-2018}
}

@misc{URLGit,
  author       = {URL},
  title        = {{Github}},
  howpublished = {\url{https://github.com}},
  year         = {accessed 16-07-2018}
}

@misc{URLWorldbank,
  author       = {URL},
  title        = {{Worldbank indicators}},
  howpublished = {\url{https://data.worldbank.org/indicator/}},
  year         = {accessed 04-07-2018}
}



@article{harper2016movielens,
  title   = {The movielens datasets: History and context},
  author  = {Harper, F Maxwell and Konstan, Joseph A},
  journal = {ACM Transactions on Interactive Intelligent Systems},
  volume  = {5},
  number  = {4},
  pages   = {19},
  year    = {2016}
}

@article{vliegen,
  title   = {Visualizing Business Data with Generalized Treemaps},
  author  = {R. Vliegen and J. J. van Wijk and E. J. van der Linden},
  journal = {IEEE Transactions on Visualization and Computer Graphics},
  volume  = 12,
  number  = 5,
  pages   = {789-796},
  year    = 2006
}

@article{biederman87,
  title   = {Recognition-by-Components: A Theory of Human Image Understanding},
  author  = {Irving Biederman},
  journal = {Psychological Review},
  year    = 1987,
  volume  = 94,
  number  = 2,
  pages   = {115-147}
}

@inproceedings{tablelens,
  title     = {Combining Extended Table Lens and Treemap Techniques for Visualizing Tabular Data},
  author    = {A. Telea},
  booktitle = {Proc. VGTC Conference on Visualization},
  pages     = {120-127},
  year      = 2006
}

@article{tuytelaars07,
  journal = {Foundations and Trends in Computer Graphics and Vision},
  author  = {T. Tuytelaars and K. Mikolajczyk},
  title   = {Local Invariant Feature Detectors: A Survey},
  volume  = 3,
  number  = 3,
  year    = 2007,
  pages   = {177-280}
}


@inproceedings{boorman73,
  booktitle = {Journal of Mathematical Psychology},
  title     = {Metrics on spaces of finite trees},
  author    = {Scott A. Boorman and Donald C. Oliviera},
  volume    = {10},
  year      = {1973},
  pages     = {26-59}
}

@inproceedings{sud10,
  author    = {A. Sud and D. Fisher and H. P. Lee},
  booktitle = {Proc. Int'l Symposium on {V}oronoi Diagrams in Science and Eng.},
  title     = {Fast Dynamic {V}oronoi Treemaps},
  year      = {2010},
  volume    = {},
  number    = {},
  pages     = {85-94},
  keywords  = {computational geometry;computer graphic equipment;coprocessors;data visualisation;trees (mathematics);GPGPU;Voronoi treemap;graphic processing unit;one-to-one aspect ratio;space filling treemap;Animation;Data visualization;Greedy algorithms;Interpolation;Iterative algorithms;Navigation;Partitioning algorithms;Rendering (computer graphics);Shape;Stability;Dynamic;GPU;Treemap;Voronoi Diagram},
  optdoi    = {10.1109/ISVD.2010.16},
  issn      = {},
  month     = {June}
}


@inproceedings{vernier18git,
  title     = {A Stable Greedy Insertion Treemap Algorithm for Software Evolution Visualization},
  author    = {E. Vernier and J. Comba and A. Telea},
  booktitle = {IEEE Conference on Graphics, Patterns and Images},
  pages     = {158--165},
  year      = 2018
}

@inproceedings{vernier18software,
  author    = {E. Vernier and J. Comba and A. Telea},
  title     = {Quantitative Comparison of Dynamic Treemaps for Software Evolution Visualization},
  booktitle = {IEEE Conference on Software Visualization},
  pages     = {96--106},
  year      = 2018
}

@misc{public_url,
  author = {{The Authors}},
  title  = {Time-dependent treemap benchmark resources},
  note   = {\url{https://github.com/EduardoVernier/treemap-comparison-resources}},
  year   = 2018
}



@inproceedings{shi1994good,
  title     = {Good features to track},
  author    = {Shi, Jianbo and Carlo Tomasi},
  booktitle = {Proc. IEEE Conference on Computer Vision and Pattern Recognition},
  pages     = {593--600},
  year      = {1994}
}


@inproceedings{garvin88,
  author    = {A. Garvin},
  title     = {Managing Quality},
  year      = 1988,
  publisher = {Free Press, NY}
}

@article{StemView,
  author  = {J. Guerra-G{\'o}mez and M.L. Pack and C. Plaisant and B. Shneiderman},
  journal = {IEEE Transactions on Visualization and Computer Graphics},
  title   = {Visualizing change over time using dynamic hierarchies: {T}ree{V}ersity2 and the {S}tem{V}iew},
  year    = {2013},
  volume  = {19},
  number  = {12},
  pages   = {2566-2575}
}


@article{hahn2015comparing,
  title   = {Comparing the Layout Stability of Treemap Algorithms},
  author  = {Hahn, Sebastian},
  journal = {Proc. HPI research school on service-oriented systems engineering},
  volume  = {95},
  pages   = {71--79},
  year    = {2015}
}

@book{bertin67,
  author    = {J. Bertin},
  title     = {S{\'e}miologie Graphique. Les diagrammes, les r{\'e}seaux, les cartes},
  year      = 1967,
  publisher = {Gauthier-Villars}
}

@book{mackinlay99,
  author    = {J. D. Mackinlay and Stuart K. Card and Ben Shneiderman},
  title     = {Readings in Information Visualization: Using Vision to Think},
  publisher = {Morgan Kaufmann},
  year      = 1999
}



@article{ward02glyphs,
  author     = {Ward, Matthew O.},
  title      = {A Taxonomy of Glyph Placement Strategies for Multidimensional Data Visualization},
  journal    = {Information Visualization},
  issue_date = {December 2002},
  volume     = {1},
  number     = {3/4},
  year       = {2002},
  issn       = {1473-8716},
  pages      = {194--210},
  numpages   = {17},
  opturl     = {http://dx.doi.org/10.1057/palgrave.ivs.9500025},
  optdoi     = {10.1057/palgrave.ivs.9500025},
  acmid      = {861133},
  keywords   = {glyphs, information visualization, layout algorithms, multivariate data visualization}
} 

@article{smith2014towards,
  author   = {Smith-Miles, Kate and Baatar, Davaatseren and Wreford, Brendan and Lewis, Rhyd},
  title    = {Towards Objective Measures of Algorithm Performance Across Instance Space},
  journal  = {Computers \& Operations Research},
  volume   = {45},
  year     = {2014},
  issn     = {0305-0548},
  pages    = {12--24},
  numpages = {13},
  opturl   = {http://dx.doi.org/10.1016/j.cor.2013.11.015},
  optdoi   = {10.1016/j.cor.2013.11.015},
  acmid    = {2580281},
  address  = {Oxford, UK, UK},
  keywords = {Algorithm selection, Comparative analysis, Graph coloring, Heuristics, Performance prediction}
} 




@article{kuhner14,
  title   = {Practical Performance of Tree Comparison Metrics},
  author  = {Mary K. Kuhner  and Jon Yamato},
  journal = {Systematic Biology},
  volume  = 64,
  number  = 2,
  year    = 2015,
  pages   = {205--214}
}

@book{bishop06,
  title     = {Pattern Recognition and Machine Learning},
  author    = {C. Bishop},
  publisher = {Springer},
  year      = 2006
}



@misc{worldbank_hiv,
  author = {{Worldbank}},
  title  = {Prevalence of {HIV} over 1990 - 2015},
  note   = {\url{https://data.worldbank.org/indicator/SH.DYN.AIDS.ZS}},
  year   = 2018
}

@inproceedings{TimeTree,
  author    = {S. Card and B. Suh and B. A. Pendleton and B. Heer and J. W. Bodnar},
  year      = {2006},
  pages     = {3-10},
  title     = {Time Tree: Exploring Time Changing Hierarchies},
  booktitle = {Proc. Symposium on Visual Analytics Science and Technology}
}

@article{eppstein2009area,
  title   = {Area-universal and constrained rectangular layouts},
  author  = {Eppstein, David and Mumford, Elena and Speckmann, Bettina and Verbeek, Kevin},
  journal = {SIAM Journal on Computing},
  volume  = {41},
  number  = {3},
  pages   = {537--564},
  year    = {2012}
}

@article{lu2017golden,
  title        = {Golden Rectangle Treemap},
  author       = {Lu, Liangfu and Fan, Shiliang and Huang, Maolin and Huang, Weidong and Yang, Ruolan},
  journal      = {Journal of Physics: Conference Series},
  volume       = {787},
  number       = {1},
  year         = {2017},
  organization = {IOP Publishing}
}


@inproceedings{kokash2014,
  author    = {N. Kokash and B. de Bono and J. Kok},
  booktitle = {Proc. Intl. Conference on Information Visualization Theory and Applications},
  title     = {Template-based treemaps to preserve spatial constraints},
  year      = {2014},
  volume    = {},
  number    = {},
  pages     = {39-49},
  keywords  = {Data visualization;Image color analysis;Layout;Prototypes;Resource management;Shape;Strips;Constraints;Information Visualization;Templates;Treemaps},
  issn      = {},
  month     = {Jan}
}

@inproceedings{Zhou2017,
  title     = {Effectiveness and Efficiency of Using Different Types of Rectangular Treemap as Diagrams in Cartography},
  author    = {Zhou, Mengjie and Cheng, Yan and Ye, Ning and Tian, Jing},
  booktitle = {International Cartographic Conference},
  pages     = {187--206},
  year      = {2017}
}

@book{szeliski10,
  author    = {R. Szeliski},
  title     = {Computer Vision: Algorithms and Applications},
  year      = 2010,
  publisher = {Springer}
}

@conference{Scheibel2018,
  author    = {Willy Scheibel and Christopher Weyand and J. D{\"o}llner},
  title     = {{EvoCells} -- A Treemap Layout Algorithm for Evolving Tree Data},
  booktitle = {Proc. International Conference on Information Visualization Theory and Applications},
  year      = {2018},
  pages     = {273-280},
  optdoi    = {10.5220/0006617102730280},
  isbn      = {978-989-758-289-9}
}

@inproceedings{scheibel20,
  title     = {A Taxonomy of Treemap Visualization Techniques},
  author    = {W. Scheibel and M. Trapp and D. Limberger and J. D{\"o}llner},
  booktitle = {Proc. International Conference on Information Visualization Theory and Applications},
  year      = 2020
}

@inproceedings{Limberger2017,
  author    = {D. Limberger and W. Scheibel and M. Trapp and J. Döllner},
  booktitle = {2017 21st International Conference Information Visualisation},
  title     = {Mixed-Projection Treemaps: A Novel Approach Mixing 2D and 2.5D Treemaps},
  year      = {2017},
  volume    = {},
  number    = {},
  pages     = {164-169},
  keywords  = {computer animation;data visualisation;rendering (computer graphics);tree data structures;2.5D treemaps;2D treemaps;animated state transitions;graphical elements;mixed-projection treemaps;multiperspective views;overview+detail visualization;perspective projections;reduced interaction overhead;single treemap;tree-structured data;treemap types;Data visualization;Layout;Navigation;Rendering (computer graphics);Three-dimensional displays;Two dimensional displays;Visualization;2.5D Treemaps;Information Visualization;Multi-perspective Views;Overview+Detail;Treemaps},
  optdoi    = {10.1109/iV.2017.67},
  issn      = {},
  month     = {July}
}

@article{kopp2019temporal,
  title   = {Temporal treemaps: Static visualization of evolving trees},
  author  = {W. K{\"o}pp and T. Weinkauf},
  journal = {IEEE Transactions on Visualization and Computer Graphics},
  volume  = {25},
  number  = {1},
  pages   = {534--543},
  year    = {2019}
}

@article{lukasczyk2017nested,
  title   = {Nested tracking graphs},
  author  = {J. Lukasczyk and G. Weber and R. Maciejewski and C. Garth and H. Leitte},
  volume  = {36},
  journal = {Computer Graphics Forum},
  number  = {3},
  pages   = {12--22},
  year    = {2017}
}

@article{Kong2010,
  author  = {N. Kong and J. Heer and M. Agrawala},
  journal = {IEEE Transactions on Visualization and Computer Graphics},
  title   = {Perceptual Guidelines for Creating Rectangular Treemaps},
  year    = {2010},
  volume  = {16},
  number  = {6},
  pages   = {990-998}
}



@inproceedings{Buchin2011,
  author    = {Buchin, Kevin
and Eppstein, David
and L{\"o}ffler, Maarten
and N{\"o}llenburg, Martin
and Silveira, Rodrigo I.},
  editor    = {Dehne, Frank
and Iacono, John
and Sack, J{\"o}rg-R{\"u}diger},
  title     = {Adjacency-Preserving Spatial Treemaps},
  booktitle = {Algorithms and Data Structures},
  year      = {2011},
  publisher = {Springer Berlin Heidelberg},
  address   = {Berlin, Heidelberg},
  pages     = {159--170},
  abstract  = {Rectangular layouts, subdivisions of an outer rectangle into smaller rectangles, have many applications in visualizing spatial information, for instance in rectangular cartograms in which the rectangles represent geographic or political regions. A spatial treemap is a rectangular layout with a hierarchical structure: the outer rectangle is subdivided into rectangles that are in turn subdivided into smaller rectangles. We describe algorithms for transforming a rectangular layout that does not have this hierarchical structure, together with a clustering of the rectangles of the layout, into a spatial treemap that respects the clustering and also respects to the extent possible the adjacencies of the input layout.},
  isbn      = {978-3-642-22300-6}
}

@inproceedings{Zhao2015,
  author    = {Haisen Zhao and L. Lu},
  booktitle = {IEEE Pacific Visualization Symposium},
  title     = {Variational circular treemaps for interactive visualization of hierarchical data},
  year      = {2015},
  volume    = {},
  number    = {},
  pages     = {81-85},
  keywords  = {data visualisation;optimisation;trees (mathematics);continuous optimization problem;data navigation;disk packing;hierarchical data visualization;layout algorithm;variational circular treemap;Chebyshev approximation;Table lookup;Transforms;Visualization;Computer Graphics [I.3.5]: Computational Geometry and Object Modeling—Object hierarchies},
  optdoi    = {10.1109/PACIFICVIS.2015.7156360},
  issn      = {2165-8765},
  month     = {April}
}

@article{Chen2017,
  author  = {Chen, Yi
and Du, Xiaomin
and Yuan, Xiaoru},
  title   = {Ordered small multiple treemaps for visualizing time-varying hierarchical pesticide residue data},
  journal = {Visual Computer},
  year    = {2017},
  day     = {01},
  volume  = {33},
  number  = {6},
  pages   = {1073--1084},
  issn    = {1432-2315}
}

@inproceedings{Ghoniem2015,
  author    = {M.  Ghoniem and M. Cornil and B. Broeksema and M. Stefas and B. Otjacques},
  title     = {Weighted maps: Treemap visualization of geolocated quantitative data},
  booktitle = {Proc. Int'l Soc. for Optics and Photonics},
  volume    = {9397},
  pages     = {1--15},
  year      = {2015}
}

@article{LIANG2015,
  title    = {Divide and Conquer treemaps: Visualizing large trees with various shapes},
  journal  = {J. of Visual Languages \& Computing},
  volume   = {31},
  pages    = {104 - 127},
  year     = {2015},
  issn     = {1045-926X},
  optdoi   = {https://doi.org/10.1016/j.jvlc.2015.10.009},
  opturl   = {http://www.sciencedirect.com/science/article/pii/S1045926X1500066X},
  author   = {Jie Liang and Quang Vinh Nguyen and Simeon Simoff and Mao Lin Huang},
  keywords = {Information visualization, Hierarchical data, Enclosure partitioning, Treemaps, Tree visualization}
}



