@misc{benchmark,
  author = {{The Authors}},
  title  = {{GIT - Dynamic Treemap Benchmark}},
  year   = 2018,
  note   = {\url{https://github.com/sibgrapi18/treemaps}}
}


@inproceedings{wettel09,
  author    = {R. Wettel and M. Lanza},
  title     = {Visual exploration of large-scale evolving software},
  booktitle = {Proc. IEEE ICSE - Companion volume},
  pages     = {921-922},
  year      = 2009
}

@inproceedings{wettel08,
  author    = {R. Wettel and M. Lanza},
  title     = {Visual Exploration of Large-Scale System Evolution},
  booktitle = {Proc. IEEE WCRE},
  year      = 2008
}

@inproceedings{wettel11,
  title     = {Software systems as cities: a controlled experiment},
  author    = {R. Wettel and M. Lanza and R. Robbes},
  booktitle = {Proc. IEEE ICSE},
  year      = 2011,
  pages     = {551-560}
}

@article{gotz11,
  title   = {Dynamic {V}oronoi Treemaps: A Visualization Technique for Time-Varying Hierarchical Data},
  author  = {David Gotz},
  journal = {Computer Science - Research and Development},
  volume  = {18},
  year    = {2011},
  pages   = {132-141},
  note    = {also as IBM Research Report RC25132 (W1103-173)}
}

@inproceedings{fisher10,
  title     = {Animated, Dynamic Voronoi Treemaps},
  author    = {Danyel Fisher and Avneesh Sud},
  booktitle = {Proc. EuroVis - posters},
  year      = 2010,
  publisher = {Eurographics}
}

@article{kde,
  author  = {Parzen, E.},
  year    = 1962,
  title   = {On Estimation of a Probability Density Function and Mode},
  journal = {Annals of Mathematical Statistics},
  volume  = 33,
  number  = 3,
  pages   = {1065-1087}
}

@article{lanza03,
  title   = {Polymetric views - a lightweight visual approach to reverse engineering},
  author  = {M. Lanza and S. Ducasse},
  journal = {IEEE Trans Soft Eng},
  volume  = 29,
  number  = 9,
  pages   = {782-795},
  year    = 2003
}

@inproceedings{telea02,
  title     = {An open toolkit for prototyping reverse engineering visualizations},
  author    = {A. Telea and A. Maccari and C. Riva},
  booktitle = {Proc. Data Visualisation (VisSym)},
  pages     = {241-249},
  year      = 2002
}

@inproceedings{muller88,
  title     = {Rigi - A system for programming-in-the-large},
  author    = {H. A. M{\"u}ller and K. Klashinsky},
  booktitle = {Proc. IEEE ICSE},
  pages     = {80-86},
  year      = 1988
}

@article{holten06,
  author  = {D. Holten},
  title   = {Hierarchical Edge Bundles: Visualization of Adjacency Relations in Hierarchical Data},
  journal = {IEEE TVCG},
  volume  = 12,
  number  = 5,
  pages   = {741-748},
  year    = 2006
}

@inproceedings{cornelissen07,
  title     = {Understanding Execution Traces Using Massive Sequence and Circular Bundle Views},
  author    = {Bas Cornelissen and Danny Holten and Andy Zaidman and Leon Moonen and Jarke J. van Wijk and Arie van Deursen},
  booktitle = {Proc. IEEE ICPC},
  year      = 2007,
  pages     = {271-280}
}

@article{kagdi07,
  title   = {A survey and taxonomy of approaches for mining software repositories in the context of software evolution},
  author  = {Huzefa Kagdi  and Michael L. Collard  and Jonathan I. Maletic},
  journal = {Software: Evolution and Process},
  volume  = 19,
  number  = 2,
  pages   = {77-131},
  year    = 2003
}

@article{nagamochi07,
  author  = {H. Nagamochi and Y. Abe},
  title   = {An approximation algorithm for dissecting a rectangle into rectangles with specified areas},
  journal = {Discrete Applied Mathematics},
  volume  = 155,
  number  = 4,
  pages   = {523-537},
  year    = 2007
}


@book{diehl08,
  author    = {S. Diehl},
  title     = {Software Visualization - Visualizing the Structure, Behaviour, and Evolution of Software},
  publisher = {Springer},
  year      = 2007
}



@misc{libgit2,
  author = {Patrick Steinhardt},
  title  = {\emph{libgit2} {API} for {Git} repository management},
  note   = {\url{https://libgit2.github.com}},
  year   = 2018
}


@inproceedings{vmv,
  author    = {R. da Silva and E. Vernier and P. Rauber and J. Comba and R. Minghim and A. Telea},
  title     = {Metric Evolution Maps: Multidimensional Attribute-driven Exploration of Software Repositories},
  booktitle = {Proc. Vision, Modeling, and Visualization (VMV)},
  publisher = {Eurographics},
  year      = 2016,
  pages     = {54-62}
}

@misc{cpython,
  author = {G. van Rossum},
  title  = {The {P}ython programming language},
  year   = 2018,
  note   = {\url{https://github.com/python/cpython}}
}

@misc{git,
  title = {{GIT} source code management},
  year  = 2018,
  note  = {\url{https://git-scm.com/}}
}

@misc{cvs,
  title = {{CVS - Concurrent Versions System}},
  year  = 2018,
  note  = {\url{https://www.nongnu.org/cvs/}}
}

@misc{subversion,
  title = {{Apache Subversion - enterprise-class centralized version control for the masses}},
  year  = 2018,
  note  = {\url{https://subversion.apache.org/}}
}


@article{Kruskal1983,
  author  = {Kruskal, J. B. and Landwehr, J. M.},
  doi     = {10.1080/00031305.1983.10482733},
  issn    = {0003-1305},
  journal = {The American Statistician},
  month   = {may},
  number  = {2},
  pages   = {162-168},
  title   = {{Icicle Plots: Better Displays for Hierarchical Clustering}},
  volume  = {37},
  year    = {1983}
}

@inproceedings{ersoy_sequence,
  author    = {C. Hurter and O. Ersoy and A. Telea},
  booktitle = {2013 IEEE Pacific Visualization Symposium (PacificVis)},
  title     = {Smooth bundling of large streaming and sequence graphs},
  year      = {2013},
  volume    = {},
  number    = {},
  pages     = {41-48},
  keywords  = {data visualisation;graph theory;mathematics computing;discrete graph sequence visualization;dynamic graph visualization;edge bundles;edge-correspondence data;image-based graph bundling method;information systems;large streaming graph;real-world large dynamic graph datasets;sequence graphs;smooth bundling;Animation;Cloning;Clutter;Image color analysis;Image edge detection;Layout;Visualization},
  doi       = {10.1109/PacificVis.2013.6596126},
  issn      = {2165-8765},
  month     = {Feb}
}

@misc{sunburst,
  author = {Jeff Clark},
  title  = {Multi-level Pie Charts},
  year   = 2006,
  note   = {\url{https://neoformix.com/2006/MultiLevelPieChart.html}}
}
