
@inproceedings{wettel09,
  author    = {R. Wettel and M. Lanza},
  title     = {Visual exploration of large-scale evolving software},
  booktitle = {Proc. IEEE ICSE -- Companion volume},
  pages     = {921-922},
  year      = 2009
}

@inproceedings{wettel08,
  author    = {R. Wettel and M. Lanza},
  title     = {Visual Exploration of Large-Scale System Evolution},
  booktitle = {Proc. IEEE WCRE},
  year      = 2008
}

@inproceedings{wettel11,
  title     = {Software systems as cities: a controlled experiment},
  author    = {R. Wettel and M. Lanza and R. Robbes},
  booktitle = {Proc. IEEE ICSE},
  year      = 2011,
  pages     = {551-560}
}

@article{gotz11,
  title   = {Dynamic {V}oronoi Treemaps: A Visualization Technique for Time-Varying Hierarchical Data},
  author  = {David Gotz},
  journal = {Computer Science -- Research and Development},
  volume  = {18},
  year    = {2011},
  pages   = {132-141},
  note    = {also as IBM Research Report RC25132 (W1103-173)}
}

@inproceedings{fisher10,
  title     = {Animated, Dynamic {V}oronoi Treemaps},
  author    = {Danyel Fisher and Avneesh Sud},
  booktitle = {Proc. EuroVis -- posters},
  year      = 2010,
  publisher = {Eurographics}
}

@article{merino18,
  author  = {Leonel Merino and Mohammad Ghafari and Craig Anslow and Oscar Nierstrasz},
  title   = {A Systematic Literature Review of Software Visualization Evaluation},
  journal = {J Syst Softw},
  volume  = 144,
  pages   = {165-180},
  year    = 2018
}

@inproceedings{sensalire09,
  author    = {M. Sensalire and P. Ogao and A. Telea},
  title     = {Evaluation of software visualization tools: Lessons learned},
  booktitle = {Proc. IEEE VISSOFT},
  year      = 2009
}

@inproceedings{seriai14,
  title     = {Validation of Software Visualization Tools: A Systematic Mapping Study},
  author    = {A. Seriai and O. Benomar and B. Cerat and H. Sahraoui},
  booktitle = {Proc. IEEE VISSOFT},
  year      = 2014
}

@article{kde,
  author  = {Parzen, E.},
  year    = 1962,
  title   = {On Estimation of a Probability Density Function and Mode},
  journal = {Annals of Mathematical Statistics},
  volume  = 33,
  number  = 3,
  pages   = {1065-1087}
}

@article{lanza03,
  title   = {Polymetric views -- a lightweight visual approach to reverse engineering},
  author  = {M. Lanza and S. Ducasse},
  journal = {IEEE Trans Soft Eng},
  volume  = 29,
  number  = 9,
  pages   = {782-795},
  year    = 2003
}

@inproceedings{telea02,
  title     = {An open toolkit for prototyping reverse engineering visualizations},
  author    = {A. Telea and A. Maccari and C. Riva},
  booktitle = {Proc. Data Visualisation (VisSym)},
  pages     = {241-249},
  year      = 2002
}

@inproceedings{muller88,
  title     = {Rigi -- A system for programming-in-the-large},
  author    = {H. A. M{\"u}ller and K. Klashinsky},
  booktitle = {Proc. IEEE ICSE},
  pages     = {80-86},
  year      = 1988
}

@article{holten06,
  author  = {D. Holten},
  title   = {Hierarchical Edge Bundles: Visualization of Adjacency Relations in Hierarchical Data},
  journal = {IEEE TVCG},
  volume  = 12,
  number  = 5,
  pages   = {741-748},
  year    = 2006
}

@inproceedings{cornelissen07,
  title     = {Understanding Execution Traces Using Massive Sequence and Circular Bundle Views},
  author    = {Bas Cornelissen and Danny Holten and Andy Zaidman and Leon Moonen and Jarke J. van Wijk and Arie van Deursen},
  booktitle = {Proc. IEEE ICPC},
  year      = 2007,
  pages     = {271-280}
}

@article{kagdi07,
  title   = {A survey and taxonomy of approaches for mining software repositories in the context of software evolution},
  author  = {Huzefa Kagdi  and Michael L. Collard  and Jonathan I. Maletic},
  journal = {Software: Evolution and Process},
  volume  = 19,
  number  = 2,
  pages   = {77-131},
  year    = 2003
}

@article{nagamochi07,
  author  = {H. Nagamochi and Y. Abe},
  title   = {An approximation algorithm for dissecting a rectangle into rectangles with specified areas},
  journal = {Discrete Applied Mathematics},
  volume  = 155,
  number  = 4,
  pages   = {523-537},
  year    = 2007
}



@article{schulz11_treesurvey,
  title   = {The Design Space of Implicit Hierarchy Visualization: A Survey},
  author  = {H.-J. Schulz and S. Hadlak and H. Schumann},
  journal = {IEEE TVCG},
  volume  = 17,
  number  = 4,
  pages   = {393-411},
  year    = 2011
}

@article{hees17,
  title   = {Stable and predictable {V}oronoi treemaps for software quality monitoring},
  author  = {R. van Hees and J. Hage},
  journal = {Inf Soft Technol},
  volume  = 87,
  number  = {C},
  pages   = {242-258},
  year    = 2017
}

@article{landesberger11,
  title   = {Visual Analysis of Large Graphs: State-of-the-Art and Future Research Challenges},
  author  = {T. von Landesberger and A. Kuijper and T. Schreck and J. Kohlhammer and J. J. van Wijk and J.-D. Fekete and D. W. Fellner},
  journal = {CGF},
  volume  = 30,
  number  = 6,
  year    = 2011,
  pages   = {1719-1749}
}

@article{treevis,
  author  = {H.-J. Schulz},
  title   = {{Treevis.net}: A tree visualization reference},
  journal = {IEEE CG\&A},
  volume  = 31,
  number  = 6,
  year    = 2011,
  pages   = {11-15}
}


@book{diehl08,
  author    = {S. Diehl},
  title     = {Software Visualization -- Visualizing the Structure, Behaviour, and Evolution of Software},
  publisher = {Springer},
  year      = 2007
}



@book{lanza06,
  author    = {M. Lanza and R. Marinescu},
  publisher = {Springer},
  title     = {Object-Oriented Metrics in Practice},
  year      = 2006
}


@misc{libgit2,
  author = {Patrick Steinhardt},
  title  = {\emph{libgit2} {API} for {Git} repository management},
  note   = {\url{https://libgit2.github.com}},
  year   = 2018
}

@misc{benchmark,
  author = {{The Authors}},
  title  = {Dynamic Treemap for Software Evolution Visualization Benchmark},
  year   = 2017,
  note   = {\url{https://github.com/vissoft18/treemaps}}
}

@misc{understand,
  author = {{SciTools}},
  title  = {Understand static code analysis tool},
  year   = 2017,
  note   = {\url{https://scitools.com}}
}

@inproceedings{vmv,
  author    = {R. da Silva and E. Vernier and P. Rauber and J. Comba and R. Minghim and A. Telea},
  title     = {Metric Evolution Maps: Multidimensional Attribute-driven Exploration of Software Repositories},
  booktitle = {Proc. Vision, Modeling, and Visualization (VMV)},
  publisher = {Eurographics},
  year      = 2016,
  pages     = {54-62}
}
}

@inproceedings{vernier17,
  author    = {E. Vernier and J. Comba and A. Telea},
  title     = {Quantitative Comparison of Treemap Techniques for Time-Dependent Hierarchies},
  booktitle = {Proc. EuroVis (posters)},
  year      = 2017
}


@misc{engdahl,
  author = {B. Engdahl},
  title  = {Ordered and unordered treemap algorithms and their applications on handheld devices},
  note   = {{MSc} thesis, Dept. of CS, Stockholm Royal Institute of Technology},
  year   = 2005
}

@article{shneiderman92,
  author  = {Shneiderman, Ben},
  year    = 1992,
  title   = {Tree visualization with tree-maps: {2-D} space-filling approach},
  journal = {ACM TOG},
  volume  = 11,
  number  = 92
}


@misc{hci_treemaps,
  author = {B. Shneiderman and C. Plaisant},
  title  = {Treemaps for space-constrained visualization of hierarchies},
  year   = 2017,
  note   = {\url{https://cs.umd.edu/hcil/treemap-history}}
}

@inproceedings{sqr,
  author    = {M. Bruls and K. Huizing and and J. J. Van Wijk},
  title     = {Squarified treemaps},
  booktitle = {Proc. VisSym},
  pages     = {33-42},
  publisher = {Springer},
  year      = 2000
}

@article{sot,
  author  = {J. Wood and J. Dykes},
  title   = {Spatially ordered treemaps},
  journal = {IEEE TVCG},
  volume  = 14,
  number  = 6,
  pages   = {1348-1355},
  year    = 2008
}

@article{nmap,
  title   = {{Nmap}: A Novel Neighborhood Preservation Space-filling Algorithm},
  author  = {S. Duarte and F. Sikanski and F. Fatore and S. Fadel and F. Paulovich},
  journal = {IEEE TVCG},
  volume  = 20,
  number  = 12,
  pages   = {2063-2071},
  year    = {2014}
}

@inproceedings{hahn10,
  author    = {S. Hahn and J. Tr{\"u}mper and D. Moritz and J. D{\"o}llner},
  title     = {Visualization of varying hierarchies by stable layout of {V}oronoi treemaps},
  booktitle = {Proc. IEEE IVAPP},
  pages     = {50-58},
  year      = 2014
}

@article{bubble,
  title   = {Bubble Treemaps for Uncertainty Visualization},
  author  = {Jochen G{\"o}rtler and  Christoph Schulz and Daniel Weiskopf and  Oliver Deussen},
  journal = {IEEE TVCG},
  year    = 2017,
  doi     = {10.1109/TVCG.2017.2743959}
}

@article{sondag17,
  title   = {Stable Treemaps via Local Moves},
  author  = {Max Sondag and Bettina Speckmann and Kevin Verbeek},
  journal = {IEEE TVCG},
  year    = 2017,
  doi     = {10.1109/TVCG.2017.2745140}
}



@inproceedings{htm,
  title     = {Hybrid-Treemap Layouting},
  author    = {S. Hahn and J. D{\"o}llner},
  booktitle = {Proc. EuroVis (short papers)},
  year      = 2017
}

@inproceedings{jigsaw,
  author    = {M. Wattenberg},
  title     = {A note on space-filling visualizations and space-filling curves},
  booktitle = {Proc. IEEE InfoVis},
  year      = 2005,
  pages     = {181-186}
}

@article{deberg14,
  author  = {M. De Berg and B. Speckmann and V. van der Weele},
  title   = {Treemaps with bounded aspect ratio},
  journal = {Computational Geometry},
  volume  = 47,
  number  = 6,
  pages   = {683-693},
  year    = 2014
}

@inproceedings{balzer05,
  author    = {M. Balzer and O. Deussen},
  title     = {{V}oronoi treemaps},
  booktitle = {Proc. IEEE InfoVis},
  year      = 2005,
  pages     = {49-56}
}

@inproceedings{balzer05b,
  author    = {M. Balzer and O. Deussen and C. Lewerentz},
  title     = {{V}oronoi treemaps for the visualization of software metrics},
  booktitle = {Proc. ACM SOFTVIS},
  pages     = {165-172},
  year      = 2005
}

@article{bederson02,
  author  = {B. Bederson and B. Shneiderman and M. Wattenberg},
  title   = {Ordered and quantum treemaps: Making effective use of {2D} space to display hierarchies},
  journal = {ACM TOG},
  volume  = 21,
  number  = 4,
  pages   = {833-854},
  year    = 2002
}

@inproceedings{ordered,
  author    = {B. Shneiderman and M. Wattenberg},
  title     = {Ordered treemap layouts},
  booktitle = {Proc. IEEE InfoVis},
  pages     = {73-80},
  year      = 2001
}

@article{hilbert_moore,
  author  = {S. Tak and A. Cockburn},
  title   = {Enhanced spatial stability with {H}ilbert and {M}oore treemaps},
  journal = {IEEE TVCG},
  volume  = 19,
  number  = 1,
  pages   = {141-148},
  year    = 2013
}


@article{spiral,
  author  = {Y. Tu and H.-W. Shen},
  title   = {Visualizing changes of hierarchical data using treemaps},
  journal = {IEEE TVCG},
  volume  = 13,
  number  = 6,
  pages   = {1286-1293},
  year    = 2007
}

@misc{cpython,
  author = {G. van Rossum},
  title  = {The {P}ython programming language},
  year   = 2017,
  note   = {\url{https://github.com/python/cpython}}
}

@inproceedings{Hahn2017,
  author    = {Hahn, Sebastian and Bethge, Joseph and D{\"o}llner, Jürgen},
  year      = {2017},
  booktitle = {International Conference on Information Visualization Theory and Applications},
  month     = {01},
  pages     = {88-95},
  title     = {Relative Direction Change - A Topology-based Metric for Layout Stability in Treemaps}
}

@misc{sunburst,
  note   = {\url{https://neoformix.com/2006/MultiLevelPieChart.html}},
  author = {Clark, Jeff},
  title  = {Multi-level Pie Charts},
  year   = {2006}
}

@inproceedings{sunburst2,
  author    = {A. Telea and H. Hoogendorp and O. Ersoy and D. Reniers},
  booktitle = {2009 5th IEEE International Workshop on Visualizing Software for Understanding and Analysis},
  title     = {{Extraction and visualization of call dependencies for large {C/C++} code bases: A comparative study}},
  year      = {2009},
  pages     = {81-88},
  doi       = {10.1109/VISSOF.2009.5336419},
  month     = {Sept}
}

@inproceedings{harel,
  author    = {Harel, David and Koren, Yehuda},
  title     = {Graph Drawing by High-Dimensional Embedding},
  booktitle = {Revised Papers from the 10th International Symposium on Graph Drawing},
  series    = {GD '02},
  year      = {2002},
  isbn      = {3-540-00158-1},
  pages     = {207--219},
  acmid     = {757122},
  publisher = {Springer-Verlag}
}
@inproceedings{frick,
  author    = {Frick, Arne and Ludwig, Andreas and Mehldau, Heiko},
  title     = {A Fast Adaptive Layout Algorithm for Undirected Graphs},
  booktitle = {Proceedings of the DIMACS International Workshop on Graph Drawing},
  series    = {GD '94},
  year      = {1995},
  isbn      = {3-540-58950-3},
  pages     = {388--403},
  numpages  = {16},
  acmid     = {730941},
  publisher = {Springer-Verlag}
}

@inproceedings{hachul,
  author    = {Hachul, Stefan and J\"{u}nger, Michael},
  title     = {An Experimental Comparison of Fast Algorithms for Drawing General Large Graphs},
  booktitle = {Proceedings of the 13th International Conference on Graph Drawing},
  series    = {GD'05},
  year      = {2006},
  isbn      = {3-540-31425-3, 978-3-540-31425-7},
  location  = {Limerick, Ireland},
  pages     = {235--250},
  numpages  = {16},
  doi       = {10.1007/11618058_22},
  acmid     = {2102348},
  publisher = {Springer-Verlag}
}

@article{battista,
  annote   = {11th ACM Symposium on Computational Geometry},
  author   = {Battista, Giuseppe Di and Garg, Ashim and Liotta, Giuseppe and Tamassia, Roberto and Tassinari, Emanuele and Vargiu, Francesco},
  doi      = {https://doi.org/10.1016/S0925-7721(96)00005-3},
  issn     = {0925-7721},
  journal  = {Computational Geometry},
  keywords = { Algorithms implementation, Experimental comparison of algorithms, Orthogonal drawings,Graph drawing},
  number   = {5},
  pages    = {303--325},
  title    = {{An experimental comparison of four graph drawing algorithms}},
  volume   = {7},
  year     = {1997}
}