@misc{qlearning,
  author = {C. Watkins},
  year   = 1989,
  title  = {Learning from Delayed Rewards},
  note   = {Ph.D. thesis, Cambridge University, UK}
}

@article{kruiger_mdpi,
  author    = {Johannes Kruiger and Almoctar Hassoumi and Hans-Jorg Schulz and Alexandru Telea and Christophe Hurter},
  title     = {Multidimensional Data Exploration by Explicitly Controlled Animation},
  journal   = {Informatics},
  publisher = {MDPI},
  year      = 2017,
  volume    = 4,
  number    = 26
}

@inproceedings{Brich2020,
  booktitle = {Proc. Eurographics Workshop on Visual Computing for Biology and Medicine},
  title     = {Visual Analysis of Multivariate Intensive Care Surveillance Data},
  author    = {Brich, Nicolas and Schulz, Christoph and Peter, JÃ¶rg and Klingert, Wilfried and Schenk, Martin and Weiskopf, Daniel and Krone, Michael},
  year      = {2020},
  issn      = {2070-5786},
  isbn      = {978-3-03868-109-0},
  optdoi    = {10.2312/vcbm.20201174}
}



@misc{dataset:cartola,
  author = {Gomide, H. and Gualberto, A.},
  title  = {{caRtola}},
  note   = {\url{https://github.com/henriquepgomide/caRtola}},
  year   = 2019
}

@techreport{dataset:cifar10,
  author      = {Alex Krizhevsky},
  title       = {Learning multiple layers of features from tiny images},
  number      = {TR-2009},
  institution = {University of Toronto},
  year        = {2009}
}

@inproceedings{dataset:esc50,
  title     = {{ESC}: {Dataset} for {Environmental Sound Classification}},
  author    = {Piczak, Karol J.},
  booktitle = {Proc. ACM MM},
  date      = {2015-10-13},
  location  = {{Brisbane, Australia}},
  isbn      = {978-1-4503-3459-4},
  pages     = {1015--1018},
  year      = {2015}
}

@misc{dataset:mnist,
  optadded-at    = {2010-06-28T21:16:30.000+0200},
  author         = {LeCun, Yann and Cortes, Corinna},
  optgroups      = {public},
  howpublished   = {\url{http://yann.lecun.com/exdb/mnist/}},
  optinterhash   = {21b9d0558bd66279df9452562df6e6f3},
  optintrahash   = {935bad99fa1f65e03c25b315aa3c1032},
  optkeywords    = {MSc _checked character_recognition mnist network neural},
  optlastchecked = {2016-01-14 14:24:11},
  opttimestamp   = {2016-07-12T19:25:30.000+0200},
  title          = {{MNIST} handwritten digit database},
  opturl         = {http://yann.lecun.com/exdb/mnist/},
  optusername    = {mhwombat},
  year           = 2010
}

@misc{dataset:quickdraw,
  author       = {Jongejan, J. and Rowley, H. and Kawashima, T. and Kim, J. and Fox-Gieg, N.},
  title        = {{The Quick, Draw! - A.I. Experiment.}},
  howpublished = {\url{https://quickdraw.withgoogle.com/}},
  year         = {2016}
}
@article{dataset:Xiao2017,
  author        = {Han Xiao and Kashif Rasul and Roland Vollgraf},
  title         = {{Fashion-MNIST: A} Novel Image Dataset for Benchmarking Machine Learning Algorithms},
  date          = {2017-08-28},
  year          = {2017},
  archiveprefix = {arXiv},
  eprint        = {1708.07747},
  opturl        = {https://arxiv.org/abs/1708.07747}
}


@article{nnp,
  author  = {Mateus Espadoto and Nina Sumiko Tomita Hirata and Alexandru C Telea},
  title   = {Deep learning multidimensional projections},
  journal = {Information Visualization},
  volume  = {19},
  number  = {3},
  pages   = {247-269},
  year    = {2020}
}


@article{Espadoto2019,
  author  = {M. {Espadoto} and R. M. {Martins} and A. {Kerren} and N. S. T. {Hirata} and A. C. {Telea}},
  journal = {IEEE TVCG},
  title   = {Towards a Quantitative Survey of Dimension Reduction Techniques},
  year    = {2019}
}


@article{Fujiwara2018,
  author    = {Fujiwara, Takanori and Li, Jianping Kelvin and Mubarak, Misbah and Ross, Caitlin and Carothers, Christopher D. and Ross, Robert B. and Ma, Kwan Liu},
  optdoi    = {10.1016/j.visinf.2018.04.010},
  issn      = {2468502X},
  journal   = {Visual Informatics},
  keywords  = {Dragonfly networks,Parallel communication network,Performance analysis,Supercomputing,Time-series data,Visual analytics},
  number    = {1},
  pages     = {98--110},
  publisher = {Elsevier B.V.},
  title     = {A visual analytics system for optimizing the performance of large-scale networks in supercomputing systems},
  opturl    = {https://doi.org/10.1016/j.visinf.2018.04.010},
  volume    = {2},
  year      = {2018}
}

@article{ross08,
  author  = {D. A. Ross and J. Lim and R.-S. Lin and and M.-H. Yang},
  title   = {Incremental learning for robust visual tracking},
  journal = {International Journal of Computer Vision},
  volume  = 77,
  number  = {1-3},
  pages   = {125-141},
  year    = 2008
}


@article{Fujiwara2020,
  author  = {T. {Fujiwara} and  {Shilpika} and N. {Sakamoto} and J. {Nonaka} and K. {Yamamoto} and K. -L. {Ma}},
  journal = {IEEE TVCG},
  title   = {A Visual Analytics Framework for Reviewing Multivariate Time-Series Data with Dimensionality Reduction},
  year    = {2020},
  volume  = {},
  number  = {},
  optdoi  = {10.1109/TVCG.2020.3028889}
}


@article{hkf16,
  author  = {S. Haroz and R. Kosara and S. Franconeri},
  title   = {The Connected Scatterplot for Presenting Paired Time Series},
  journal = {IEEE TVCG},
  year    = 2016
}

@article{bws12,
  author  = {J. Bernard and N. Wilhelm and M. Scherer},
  title   = {{TimeSeriesPaths}: Projection-Based Explorative Analysis of Multivariate Time Series Data},
  journal = {Journal of WSCG},
  year    = 2012,
  pages   = {97-106}
}

@article{bsk16,
  author  = {B. Bach and C. Shi and N. Heulot},
  title   = {Time Curves: Folding Time to Visualize Patterns of Temporal Evolution in Data},
  journal = {IEEE TVCG},
  volume  = 22,
  number  = 1,
  year    = 2016,
  pages   = {559-568}
}

@inproceedings{Inselberg1990,
  author          = {Inselberg, A. and Dimsdale, B.},
  booktitle       = {Proc. IEEE VIS},
  isbn            = {0-8186-2083-8},
  mendeley-groups = {dyn-proj},
  pages           = {361--378},
  title           = {{Parallel coordinates: A tool for visualizing multi-dimensional geometry}},
  year            = {1990}
}


@article{Joia2011,
  author  = {P. {Joia} and D. {Coimbra} and J. A. {Cuminato} and F. V. {Paulovich} and L. G. {Nonato}},
  journal = {IEEE TVCG},
  title   = {Local Affine Multidimensional Projection},
  year    = {2011},
  volume  = {17},
  number  = {12},
  pages   = {2563-2571}
}

@article{updis,
  author  = {T. T. Neves and S. G. Fadel and G. M. Hilasaca and F. M. Fatore and F. V. Paulovich},
  title   = {{UPDis}: A user-assisted projection technique for distance information},
  journal = {Information Visualization},
  volume  = 17,
  number  = 4,
  pages   = {269-281},
  year    = 2018
}

@misc{swarm,
  author = {A. Eklund},
  title  = {Beeswarm: The bee swarm plot, an alternative to stripchart},
  note   = {R package version 0.1 5},
  year   = 2012
}

@article{Neves2020,
  author        = {T. T. Neves and Rafael M. Martins and D. B. Coimbra and K. Kucher and A. Kerren and F. Paulovich},
  title         = {Xtreaming: An incremental multidimensional projection technique and its application to streaming data},
  optjournal    = {CoRR},
  optvolume     = {abs / 2003.09017},
  year          = {2020},
  archiveprefix = {arXiv},
  eprint        = {2003.09017},
  timestamp     = {Sat, 25 Jul 2020 00:39:42 +0200},
  biburl        = {https://dblp.org/rec/journals/corr/abs-2003-09017.bib},
  bibsource     = {dblp computer science bibliography, https://dblp.org}
}

@article{Nonato2019,
  author  = {L. G. {Nonato} and M. {Aupetit}},
  journal = {IEEE TVCG},
  title   = {Multidimensional Projection for Visual Analytics: Linking Techniques with Distortions, Tasks, and Layout Enrichment},
  year    = {2019},
  volume  = {25},
  number  = {8},
  pages   = {2650-2673},
  issn    = {2160-9306}
}


@article{Rauber2017,
  author   = {Rauber, Paulo E. and Fadel, Samuel G. and Falc{\~{a}}o, Alexandre X. and Telea, Alexandru C.},
  optdoi   = {10.1109/TVCG.2016.2598838},
  issn     = {10772626},
  journal  = {IEEE TVCG},
  keywords = {Artificial neural networks,algorithm understanding,dimensionality reduction},
  number   = {1},
  pages    = {101--110},
  pmid     = {27875137},
  title    = {Visualizing the Hidden Activity of Artificial Neural Networks},
  volume   = {23},
  year     = {2017}
}

@inproceedings{oos,
  author    = {Y. Bengio and J.-F. Paiement and P. Vincent and O. Delalleau and N. L. Roux and M. Ouimet},
  title     = {Out-of-sample extensions for {LLE}, {Isomap}, {MDS}, {Eigenmaps}, and spectral clustering},
  booktitle = {Proc. NIPS},
  pages     = {177-184},
  year      = 2003
}

@article{vanderMaaten2008,
  author  = {Laurens {van der Maaten} and Geoffrey Hinton},
  title   = {Visualizing Data using t-SNE},
  journal = {Journal of Machine Learning Research},
  volume  = {9},
  year    = {2008},
  pages   = {2579-2605}
}



@article{mcinnes2018umap,
  title         = {{UMAP}: Uniform manifold approximation and projection for dimension reduction},
  author        = {McInnes, Leland and Healy, John and Melville, James},
  archiveprefix = {arXiv},
  eprint        = {1802.03426},
  year          = {2018}
}


@inproceedings{venna06,
  author    = {J. Venna and S. Kaski},
  title     = {Visualizing gene interaction graphs with local multidimensional scaling},
  booktitle = {Proc. ESANN},
  pages     = {557-562},
  year      = 2006
}


@article{vanderMaaten2009,
  author    = {{van der Maaten}, Laurens and Postma, Eric and Van den Herik, Jaap},
  biburl    = {https://www.bibsonomy.org/bibtex/2ed03568f0e9bca9cdaf6b25304e55940/becker},
  interhash = {f1c39ec766293d0203a327a6dd5d9948},
  intrahash = {ed03568f0e9bca9cdaf6b25304e55940},
  journal   = {JMLR},
  pages     = {66--71},
  timestamp = {2018-05-15T20:24:19.000+0200},
  title     = {Dimensionality reduction: A comparative review},
  volume    = 10,
  year      = 2009
}



@article{Vernier2020,
  optarchiveprefix = {arXiv},
  optarxivid       = {2002.07481},
  author           = {Vernier, E and Garcia, R and {da Silva}, I  and Comba, J and Telea, A},
  optdoi           = {10.1111/cgf.13977},
  opteprint        = {2002.07481},
  issn             = {14678659},
  journal          = {Computer Graphics Forum},
  keywords         = {CCS Concepts,â¢ Computing methodologies â Dimensionality reducti},
  number           = {3},
  pages            = {241--252},
  title            = {Quantitative Evaluation of Time-Dependent Multidimensional Projection Techniques},
  volume           = {39},
  year             = {2020}
}

@misc{repo-guided,
  author       = {E. Vernier and J. Comba and A. Telea},
  title        = {Additional resources repository},
  howpublished = {\url{https://eduardovernier.github.io/guided-dynamic-projections-resources/}},
  year         = 2020
}


@article{vernier_treemap,
  title   = {Quantitative Comparison of Time-Dependent Treemaps},
  author  = {E. Vernier and M. Sondag and J. Comba and B. Speckmann and A. Telea and K. Verbeek},
  journal = {Computer Graphics Forum},
  volume  = 39,
  number  = 3,
  year    = 2020,
  pages   = {393-404}
}

@inproceedings{vernier_treemap2,
  title     = {Quantitative Comparison of Dynamic Treemaps for Software Evolution Visualization},
  author    = {E. Vernier and J. Comba and A. Telea},
  booktitle = {Proc. IEEE VISSOFT},
  year      = 2018
}

@inproceedings{Pekalska1999,
  author    = {Pekalska, E and de Ridder, D. and Duin, R. P. and Kraaijveld, M. A.},
  pages     = {221--228},
  title     = {{A new method of generalizing Sammon mapping with application to algorithm speed-up}},
  booktitle = {Proc. ASCI},
  year      = {1999}
}


@inproceedings{Policar2019,
  author    = {Poli{\v{c}}ar, Pavlin G.
and Stra{\v{z}}ar, Martin
and Zupan, Bla{\v{z}}},
  title     = {Embedding to Reference t-SNE Space Addresses Batch Effects in Single-Cell Classification},
  booktitle = {Discovery Science},
  year      = {2019},
  publisher = {Springer},
  pages     = {246--260},
  isbn      = {978-3-030-33778-0}
}

@article{Paulovich2008,
  author  = {Paulovich, F V and Nonato, L G and Minghim, R and Levkowitz, H},
  journal = {IEEE TVCG},
  number  = {3},
  pages   = {564--575},
  title   = {{Least square projection: A fast high-precision multidimensional projection technique and its application to document mapping}},
  volume  = {14},
  year    = {2008}
}


@inproceedings{Kruiger2017a,
  author    = {Kruiger, J. F. and Telea, A. C. and Hurter, C.},
  title     = {Projection Navigation in Extremely Large Datasets {(PNIELD)}},
  year      = {2017},
  publisher = {Eurographics Association},
  opturl    = {https://doi.org/10.2312/eurp.20171181},
  optdoi    = {10.2312/eurp.20171181},
  booktitle = {Proc. EuroVis: Posters},
  pages     = {109-111},
  numpages  = {3},
  location  = {Barcelona, Spain}
}

@inproceedings{Vladymyrov2013,
  author    = {Vladymyrov, Max
and Carreira-Perpi{\~{n}}{\'a}n, Miguel {\'A}.},
  title     = {Locally Linear Landmarks for Large-Scale Manifold Learning},
  booktitle = {Machine Learning and Knowledge Discovery in Databases},
  year      = {2013},
  pages     = {256--271},
  isbn      = {978-3-642-40994-3}
}



@techreport{DeSilva2004,
  author      = {{De Silva}, Vin and Tenenbaum, Joshua B.},
  title       = {Sparse multidimensional scaling using landmark points},
  number      = {6},
  institution = {Stanford University},
  year        = {2004}
}

@article{DeSilva2003,
  author          = {{De Silva}, Vin and Tenenbaum, Joshua B.},
  isbn            = {0262025507},
  issn            = {10495258},
  journal         = {Advances in Neural Information Processing Systems},
  mendeley-groups = {projections/tech static},
  title           = {{Global versus local methods in nonlinear dimensionality reduction}},
  year            = {2003}
}

@article{DeSilva2005,
  author  = {{De Silva}, Vin and Tenenbaum, Joshua B.},
  isbn    = {9780262232531},
  issn    = {10495258},
  journal = {Advances in Neural Information Processing Systems},
  pages   = {1241--1248},
  title   = {{Selecting landmark points for sparse manifold learning}},
  year    = {2005}
}

@article{Linderman2017,
  author          = {Linderman, George C. and Rachh, Manas and Hoskins, Jeremy G. and Steinerberger, Stefan and Kluger, Yuval},
  optdoi          = {10.1038/s41592-018-0308-4},
  eprint          = {1712.09005},
  issn            = {15487105},
  journal         = {Nature Methods},
  mendeley-groups = {projections/tech static},
  number          = {3},
  pages           = {243--245},
  pmid            = {30742040},
  title           = {{Fast interpolation-based t-SNE for improved visualization of single-cell RNA-seq data}},
  volume          = {16},
  year            = {2019}
}

@article{Linderman2017a,
  archiveprefix = {arXiv},
  arxivid       = {1706.02582},
  author        = {Linderman, George C. and Steinerberger, Stefan},
  optdoi        = {10.1137/18m1216134},
  eprint        = {1706.02582},
  journal       = {arXiv},
  pages         = {1--15},
  title         = {{Clustering with T-SNE, provably}},
  volume        = {1},
  year          = {2017}
}

@article{vanderMaaten2015,
  author   = {{van der Maaten}, Laurens},
  issn     = {15337928},
  journal  = {Journal of Machine Learning Research},
  keywords = {Barnes-Hut algorithm,Dual-tree algorithm,Embedding,Multidimensional scaling,Space-partitioning trees,t-SNE},
  pages    = {3221--3245},
  title    = {{Accelerating t-SNE using tree-based algorithms}},
  volume   = {15},
  year     = {2015}
}

@article{Pezzotti2016,
  author   = {Pezzotti, N. and H{\"{o}}llt, T. and Lelieveldt, B. and Eisemann, E. and Vilanova, A.},
  optdoi   = {10.1111/cgf.12878},
  issn     = {14678659},
  journal  = {Computer Graphics Forum},
  keywords = {Categories and Subject Descriptors (according to A,I.3.0 [Computer Graphics]: General},
  number   = {3},
  pages    = {21--30},
  title    = {Hierarchical Stochastic Neighbor Embedding},
  volume   = {35},
  year     = {2016}
}



@article{Wang2018,
  author  = {Wang, Yunhai and Feng, Kang and Chu, Xiaowei and Zhang, Jian and Fu, Chi Wing and Sedlmair, Michael and Yu, Xiaohui and Chen, Baoquan},
  issn    = {10772626},
  journal = {IEEE Transactions on Visualization and Computer Graphics},
  number  = {5},
  pages   = {1828--1840},
  title   = {{A Perception-Driven Approach to Supervised Dimensionality Reduction for Visualization}},
  volume  = {24},
  year    = {2018}
}

@article{svd-complexity,
  author  = {Kressner, Daniel},
  year    = {2005},
  month   = {01},
  title   = {Numerical Methods for General and Structured Eigenvalue Problems},
  volume  = {46},
  isbn    = {3-540-24546-4},
  journal = {Lecture Notes in Computational Science and Engineering}
}

@book{cline2006computatio,
  author    = {Alan Kaylor Cline AND Inderjit S. Dhillon},
  title     = {Computation of the Singular Value Decomposition},
  booktitle = {Handbook of Linear Algebra},
  publisher = {CRC Press},
  page      = {45â1â-45â13},
  year      = {2006},
  month     = {jan},
  abstract  = {Computation of the Singular Value Decomposition}
}